@misc{white2023neural,
      title={Neural Architecture Search: Insights from 1000 Papers}, 
      author={Colin White and Mahmoud Safari and Rhea Sukthanker and Binxin Ru and Thomas Elsken and Arber Zela and Debadeepta Dey and Frank Hutter},
      year={2023},
      eprint={2301.08727},
      archivePrefix={arXiv},
      primaryClass={cs.LG}
}

@misc{liu2023geval,
      title={G-Eval: NLG Evaluation using GPT-4 with Better Human Alignment}, 
      author={Yang Liu and Dan Iter and Yichong Xu and Shuohang Wang and Ruochen Xu and Chenguang Zhu},
      year={2023},
      eprint={2303.16634},
      archivePrefix={arXiv},
      primaryClass={cs.CL}
}

@misc{silver2017mastering,
      title={Mastering Chess and Shogi by Self-Play with a General Reinforcement Learning Algorithm}, 
      author={David Silver and Thomas Hubert and Julian Schrittwieser and Ioannis Antonoglou and Matthew Lai and Arthur Guez and Marc Lanctot and Laurent Sifre and Dharshan Kumaran and Thore Graepel and Timothy Lillicrap and Karen Simonyan and Demis Hassabis},
      year={2017},
      eprint={1712.01815},
      archivePrefix={arXiv},
      primaryClass={cs.AI}
}

@misc{wang2019neural,
      title={Neural Architecture Search using Deep Neural Networks and Monte Carlo Tree Search}, 
      author={Linnan Wang and Yiyang Zhao and Yuu Jinnai and Yuandong Tian and Rodrigo Fonseca},
      year={2019},
      eprint={1805.07440},
      archivePrefix={arXiv},
      primaryClass={cs.LG}
}

@misc{wang2019alphax,
      title={AlphaX: eXploring Neural Architectures with Deep Neural Networks and Monte Carlo Tree Search}, 
      author={Linnan Wang and Yiyang Zhao and Yuu Jinnai and Yuandong Tian and Rodrigo Fonseca},
      year={2019},
      eprint={1903.11059},
      archivePrefix={arXiv},
      primaryClass={cs.CV}
}

@misc{liu2022neural,
      title={Neural Architecture Search on Efficient Transformers and Beyond}, 
      author={Zexiang Liu and Dong Li and Kaiyue Lu and Zhen Qin and Weixuan Sun and Jiacheng Xu and Yiran Zhong},
      year={2022},
      eprint={2207.13955},
      archivePrefix={arXiv},
      primaryClass={cs.CL}
}

@misc{cummings2022hardwareaware,
      title={A Hardware-Aware Framework for Accelerating Neural Architecture Search Across Modalities}, 
      author={Daniel Cummings and Anthony Sarah and Sharath Nittur Sridhar and Maciej Szankin and Juan Pablo Munoz and Sairam Sundaresan},
      year={2022},
      eprint={2205.10358},
      archivePrefix={arXiv},
      primaryClass={cs.LG}
}


@misc{su2021prioritized,
      title={Prioritized Architecture Sampling with Monto-Carlo Tree Search}, 
      author={Xiu Su and Tao Huang and Yanxi Li and Shan You and Fei Wang and Chen Qian and Changshui Zhang and Chang Xu},
      year={2021},
      eprint={2103.11922},
      archivePrefix={arXiv},
      primaryClass={cs.CV}
}


@misc{liu2022neural,
      title={Neural Architecture Search on Efficient Transformers and Beyond}, 
      author={Zexiang Liu and Dong Li and Kaiyue Lu and Zhen Qin and Weixuan Sun and Jiacheng Xu and Yiran Zhong},
      year={2022},
      eprint={2207.13955},
      archivePrefix={arXiv},
      primaryClass={cs.CL}
}

@misc{frantar2023sparsegpt,
      title={SparseGPT: Massive Language Models Can Be Accurately Pruned in One-Shot}, 
      author={Elias Frantar and Dan Alistarh},
      year={2023},
      eprint={2301.00774},
      archivePrefix={arXiv},
      primaryClass={cs.LG}
}

@misc{touvron2023llama,
      title={LLaMA: Open and Efficient Foundation Language Models}, 
      author={Hugo Touvron and Thibaut Lavril and Gautier Izacard and Xavier Martinet and Marie-Anne Lachaux and Timothée Lacroix and Baptiste Rozière and Naman Goyal and Eric Hambro and Faisal Azhar and Aurelien Rodriguez and Armand Joulin and Edouard Grave and Guillaume Lample},
      year={2023},
      eprint={2302.13971},
      archivePrefix={arXiv},
      primaryClass={cs.CL}
}

@misc{zhang2023llamaadapter,
      title={LLaMA-Adapter: Efficient Fine-tuning of Language Models with Zero-init Attention}, 
      author={Renrui Zhang and Jiaming Han and Chris Liu and Peng Gao and Aojun Zhou and Xiangfei Hu and Shilin Yan and Pan Lu and Hongsheng Li and Yu Qiao},
      year={2023},
      eprint={2303.16199},
      archivePrefix={arXiv},
      primaryClass={cs.CV}
}